@Booklet{ poly,
	title = "Livret des {TP} nucl{\'e}aires",
	year = "2011"
}

@Misc{ astar,
	howpublished = "\url{http://physics.nist.gov/PhysRefData/Star/Text/ASTAR.html}"
}

@Misc{ wikisi,
	howpublished = "\url{http://fr.wikipedia.org/wiki/Silicium}",
	note = "acc{\'e}s le 21.11.2011"
}

@Misc{ srim,
	howpublished = "\url{www.srim.org}"
}

